@techreport{authors:98,
    AUTHOR   = "Authors",
    TITLE    = "Principal curves and principal oriented points",
    TYPE     = "Workig Paper",
    YEAR     = 1998} 

@techreport{delicado:98,
    AUTHOR   = "P. Delicado",
    TITLE    = "Principal curves and principal oriented points",
INSTITUTION  = "Department of Economics, Universitat Pompeu Fabra",
    TYPE     = "Working Paper",
    NUMBER   = "309", 
    YEAR     = 1998} 

@techreport{stra:97,
    AUTHOR   = "D. Stanford and  A. E. Raftery",
    TITLE    = "Principal curve clustering with noise",
INSTITUTION  = "Department of Statistics, University of Washington",
    TYPE     = "Technical Report",
    NUMBER   = "317", 
    YEAR     = 1997} 

@Article{delicado:01,
  author = 	 {P. Delicado},
  title = 	 {Another look at principal curves and surfaces},
  journal = 	 {Journal of Multivariate Analysis},
  year = 	 2001,
  volume =	 77,
  pages =	 {84-116}
}

@book{taka:85,
    AUTHOR   = "A. Takayama",
    TITLE    = "Mathematical Economics (Second Edition)",
    PUBLISHER= "Cambridge University Press",
    YEAR     = 1985}

@book{gugg:77,
    AUTHOR   = "H. W. Guggenheimer",
    TITLE    = "Differential Geometry",
    PUBLISHER= "Dover Publications",
    YEAR     = 1977}

@book{bert:95,
    AUTHOR   = "D. P. Bertsekas",
    TITLE    = "Nonlinear Programming",
    PUBLISHER= "Athenea Scientific",
    YEAR     = 1995}

@book{cosz:79,
    AUTHOR   = "L. Corwin and R. Szczarba",
    TITLE    = "Calculus in Vector Spaces",
    PUBLISHER= "Marcel Dekker, Inc.",
    YEAR     = 1979}

@article{bara:92, 
    AUTHOR   = "J. D. Banfield and A. E. Raftery",
    TITLE    = "Ice floe identification in satellite images 
		using mathematical morphology and clustering
		about principal curves",
    JOURNAL  = "Journal of the American Statistical Association",
    VOLUME   = "87",
    PAGES    = "7--16",
    YEAR     = 1992}

@article{hast:89, 
    AUTHOR   = "T. Hastie and W. Stuetzle",
    TITLE    = "Principal curves",
    JOURNAL  = "Journal of the American Statistical Association",
    VOLUME   = 84,
    PAGES    = "502--516",
    YEAR     = 1989}

@article{HasStu:1989, 
	AUTHOR   = "T. Hastie and W. Stuetzle",
	TITLE    = "Principal curves",
	JOURNAL  = "Journal of the American Statistical Association",
	VOLUME   = 84,
	PAGES    = "502--516",
	YEAR     = 1989}



@TechReport{hastie:84,
  author = 	 {T. Hastie},
  title = 	 {Principal curves and surfaces},
  institution =  {Stanford University, Dept. of Statistics},
  year = 	 1984,
  type =	 {Laboratory for Computational Statistics Technical Report},
  number =	 11
}

@article{lbtb:94, 
    AUTHOR   = "M. LeBlanc and R. J. Tibshirani",
    TITLE    = "Adaptive principal surfaces",
    JOURNAL  = "Journal of the American Statistical Association",
    VOLUME   = "89",
    PAGES    = "53--64",
    YEAR     = 1994}

@article{tibs:92, 
    AUTHOR   = "R. J. Tibshirani",
    TITLE    = "Principal curves revisited",
    JOURNAL  = "Statistics and Computing",
    VOLUME   = "2",
    PAGES    = "183--190",
    YEAR     = 1992}

@book{efrtib:93,
    AUTHOR   = "B. Efron and R. J. Tibshirani",
    TITLE    = "An Introduction to the Bootstrap",
    PUBLISHER= "Chapman and Hall",
    YEAR     = 1993}

@article{efron:79,
    AUTHOR   = "B. Efron",
    TITLE    = "Bootstrap methods: another look at the jacknife",
    JOURNAL  = "The Annals of Statistics",
    VOLUME   = "7",
    PAGES    = "1--26",
    YEAR     = 1979}

@article{frie:91,
    AUTHOR   = "J. H. Friedman",
    TITLE    = "Multivariate adaptive regression splines",
    JOURNAL  = "The Annals of Statistics",
    VOLUME   = "19",
    NOTE     = "(With discussion)",
    PAGES    = "1--141",
    YEAR     = 1991}


@article{eamd:83,
AUTHOR   = "Etezadi-Amoli, J. and McDonald, R.P.",
YEAR     = 1983 ,
TITLE    = "A second generation nonlinear factor analysis",
JOURNAL  = "Psychometrika", 
VOLUME   = "48", 
PAGES    = "315--342"} 
 
@book{gifi:90,
AUTHOR   = "Gifi, A.",
YEAR     = 1990 ,
TITLE    = "Nonlinear Multivariate Analysis",
PUBLISHER= "New York: John Wiley"}
 
@inproceedings{gnwi:66,
AUTHOR   = "Gnanadesikan, R. and Wilk, M.B.",
YEAR     = 1966 ,
TITLE    = "Data analytic methods in multivariate statistical analysis",
BOOKTITLE= "Multivariate analysis, Vol. II", 
EDITOR   = "P.R. Krisnaiah"}
 
@article{koya:87,
AUTHOR   = "Koyak, R.",
YEAR     = 1987 ,
TITLE    = "On measuring internal dependence in a set of random variables",
JOURNAL  = "Annals of Statistics", 
VOLUME   = "15", 
PAGES    = "1215--1228."}

 
@inproceedings{scot:91,
AUTHOR   = "Scott, D.W.",
YEAR     = 1991,
TITLE    = "On estimation and visualization of higher dimensional surfaces",
BOOKTITLE= "Computing and Graphics in Statistics", 
EDITOR   = "A. Buja and P.A. Tukey",
PUBLISHER= "Springer-Verlag"}
 
@Book{scott:92,
  author =	 {Scott, D.W.},
  title = 	 {Multivariate Density Estimation},
  publisher = 	 {Wiley},
  year = 	 1992
}

@inproceedings{shca:66,
AUTHOR   = "Shepard, R.N. and Carroll, J.D.",
YEAR     = 1966,
TITLE    = "Parametric representation of nonlinear data structures",
BOOKTITLE= "Multivariate analysis, Vol. II", 
EDITOR   = "P.R. Krisnaiah"}
 
@inproceedings{sriv:72,
AUTHOR   = "Srivastava, J.N.",
YEAR     = 1972,
TITLE    = "An information approach to dimensionality analysis and 
            curved manifold clustering",
BOOKTITLE= "Multivariate analysis, Vol. III", 
EDITOR   = "P.R. Krisnaiah"}
 
@article{yoha:85,
AUTHOR   = "Yohai, V.J. and Ackermann, W. and Haigh, C.",
YEAR     = 1985,
TITLE    = "Nonlinear principal components",
JOURNAL  = "Quality and Quantity", 
VOLUME   = "19", 
PAGES    = "53--69"} 

@article{much:95,
author =       "F. Mulier and V. Cherkassky",
title =        "Self-Organization as an Iterative Kernel Smoothing Process",
type =         "Letter",
journal =      "Neural Computation",
volume =       "7",
number =       "6",
pages =        "1165--1177",
year =         "1995"
}

@article{Bishop:98,
author =       "C.M. Bishop and M. Svens{\'e}n and C. K. I. Williams",
title =        "{GTM}: {T}he Generative Topographic Mapping", 
journal=       "Neural Computation",
year =         "1998",
volume=        "10",
number =       "1",
pages=         "215-234"}

@InCollection{Bishop:97,
  author = 	 {C.M. Bishop and M. Svens{\'e}n and C.K.I. Williams},
  title = 	 {{GTM}: {A} Principled Alternative to the Self-Organizing Map},
  booktitle = 	 {Advances in Neural Information Processing Systems 9},
  publisher =	 {The MIT Press},
  year =	 1997,
  editor =	 {M.C. Mozer and M.I. Jordan and T. Petsche},
  address =	 {Cambridge, MA}
}

@techreport{dust:93,
    AUTHOR   = "T. Duchamp and W. Stuetzle",
    TITLE    = "The geometry of principal curves in the plane",
INSTITUTION  = "Department of Statistics, University of Washington",
    TYPE     = "Technical Report",
    NUMBER   = "250",
    YEAR     = 1993}

@incollection{dust:95,
    AUTHOR   = "T. Duchamp and W. Stuetzle",
    TITLE    = "Geometric properties of principal curves in the plane",
   BOOKTITLE = "Robust Statistics, Data Analysis, and Computer Intensive Methods",
   publisher = "Springer, Berlin",
    PAGES    = "135--152",
    YEAR     = 1995}

@article{dust:96,
    AUTHOR   = "T. Duchamp and W. Stuetzle",
    TITLE    = "Extremal Properties of principal curves in the plane",
    JOURNAL  = "The Annals of Statistics",
    VOLUME   = "24",
    PAGES    = "1511--1520",
    YEAR     = 1996}

@article{domc:96,
author =       "D. Dong and T. J. McAvoy",
title =        "Nonlinear principal component analysis based on
		principal curves and neural networks",
journal =      "Computers Chem. Engng.",
volume=           "20",
pages=         "65-78",
year =         1996}


@article{tama:95,
author =       "S. Tan and M. L. Mavarovouniotis",
title =        "Reducing data dimensionality through optimizing 
		neural network inputs",
journal =      "AIChE Journal",
volume=           "41",
pages=         "1471-1480",
year =         1995}

@article{tafl:96,
author =       "T. Tarpey and B. Flury",
title =        "Self-consistency: {A} fundamental concept in statistics",
journal =      "Statistical Science",
volume=           "11",
pages=         "229-243",
year =         1996}


@TechReport{kklz:97,
author =       "B. K\'egl and A. Krzy\.{z}ak and T. Linder and K. Zeger",
title =        "Learning and design of principal curves",
institution =  "Concordia Univ. and UC San Diego",
year =         1997,
number =       "preprint"
}



@Article{kklz:00,
author =       "B. K\'egl and A. Krzyzak and T. Linder and K. Zeger",
title =        "Learning and design of principal curves",
  journal =    "IEEE Trans. Pattern Analysis and Machine Intelligence",
  year = 	 2000,
  volume =	 22,
  number =	 3,
  pages =	 "281--297"
}
# volume =	 22,

@article{sali:98,
    AUTHOR   = "E. Salinelli",
    TITLE    = "Nonlinear principal components. {I}. {A}solutely continuous random
                variables with positive bounded densities",
    JOURNAL  = "The Annals of Statistics",
    VOLUME   = "26",
    PAGES    = "596--616",
    YEAR     = 1998}

@book{jowi:92,
    AUTHOR   = " R. A. Johnson and D. W. Wichern",
    TITLE    = "Applied Multivariate Statistical Analysis (Third Edition)",
    PUBLISHER= "Prentice-Hall",
    YEAR     = 1992}

@Article{prospres:98,
  author = 	 {Proschan, M. A.  and Presnell, B.},
  title = 	 {Expect the unexpected from conditional expectation},
  journal = 	 {The American Statistician},
  year = 	 1998,
  volume =	 52,
  pages =	 {248-252}
}


@TechReport{sws:98,
  author = 	 {Smola, A. J. and Williamson, R. C. and Sch\"olkopf, B.},
  title = 	 {Generalization bounds and learning rates for regularized principal manifolds},
  institution =  {NeuroCOLT2},
  year = 	 1998,
  type =	 {Technical Report Series},
  number =	 {NC2-TR-1998-027}
}

@TechReport{sms:98,
  author = 	 {Smola, A. J. and Mika, S. and Sch\"olkopf, B.},
  title = 	 {Quantization Functionals and Regularized Principal Manifolds},
  institution =  {NeuroCOLT2},
  year = 	 1998,
  type =	 {Technical Report Series},
  number =	 {NC2-TR-1998-028}
}

@Article{smsw:2001,
  author = 	 {Smola, A.~J. and Mika, S. and Sch\"olkopf, B. and Williamson, R.~C.},
  title = 	 {Regularized principal manifolds'},
  journal = 	 {Journal of Machine Learning Research},
  year = 	 2001,
  volume =	 1,
  pages =	 {179-209}
}


@article{biti:98,
        author = {Bishop, C. M. and Tipping, M. E.},
        title = {A hierarchical latent variable model for data visualization},
        year = 1998,
        journal = {IEEE Transactions on Pattern Analysis and Machine Intelligence},
        volume = 20,
        pages = {281--293},
        keywords = {EM algorithm; Mixture model; Density estimation}
}

@article{tibi:99,
        author = {Tipping, M. E. and Bishop, C. M.},
        title = {Probabilistic principal component analysis},
        year = 1999,
        journal = {Journal of the Royal Statistical Society, Series B, Methodological},
        volume = 61,
        pages = {611--622},
        keywords = {Density estimation; EM algorithm; Maximum likelihood}
}

@article{vvk:02,
author  = {J.J. Verbeek and   N. Vlassis and B. Kröse},
title   = {A k-segments algorithm for finding principal curves},
journal = {Pattern Recognition Letters}, 
volume  = 23,
pages   = {1009-1017},
year    = 2002
}

@InProceedings{saku:00,
  author = 	 {S. Sandilya and S. R. Kulkarni},
  title = 	 {Principal curves with bounded turn},
  booktitle  = 	 {IEEE International Symposium on Information Theory},
  year = 	 2000,
  pages =	 321
}


@Article{chgh:01,
  author = 	 {K. Chang and J. Ghosh},
  title = 	 {A unified model for probabilistic principal surfaces},
  journal = 	 {IEEE Transactions on Pattern Analysis and Machine Intelligence},
  year = 	 2001,
  volume =	 23,
  pages =	 {22-41}
}



@book{wajo:95,
author= {Wand, M.P. and Jones, M.C.},
year= 1995,
title= {Kernel Smoothing},
Publisher= {Chapman and Hall},
ADDRESS = {London}
}            


@Book{simo:95,
  author = 	 {Simonoff, J.S.},
  title = 	 {Smoothing Methods in Statistics},
PUBLISHER = {Springer},
  ADDRESS = {New York},
  year = 	 1995
}


@Article{bhh:59,
  author = 	 {Beardwood, J. and Halton, H. J. and Hammersley, J. M.},
  title = 	 {The shortest path through many points},
  journal = 	 {Proc. Cambridge Philos. Soc.},
  year = 	 1959,
  volume =	 55,
  pages =	 {299-327}
}

@Article{steele:88,
  author = 	 {M. Steele},
  title = 	 {Growth rates of euclidean minimal spanning trees with power weighted edges},
  journal = 	 {The Annals of Probability},
  year = 	 1988,
  volume =	 16,
  number =	 4,
  pages =	 {1767-1787}
}



@Article{steele:93,
  author = 	 {M. Steele},
  title = 	 {Probability and problems in euclidean combinatorial optimization},
  journal = 	 {Statistical Science},
  year = 	 1993,
  volume =	 8,
  number =	 1,
  pages =	 {48-56}
}



@Article{avbe:92,
  author = 	 {Avram, F. and Bertsimas, D.},
  title = 	 {The minimum spanning tree constant in geometrical probability and 
                  under the independent model: a unified approach},
  journal = 	 {The Annals of Applied Probability},
  year = 	 1992,
  volume =	 2,
  number =	 1,
  pages =	 {113-130}
}

@Article{avbe:93,
  author = 	 {Avram, F. and Bertsimas, D.},
  title = 	 {On central limit theorems in geometrical probability},
  journal = 	 {The Annals of Applied Probability},
  year = 	 1993,
  volume =	 3,
  number =	 4,
  pages =	 {1033-1046}
}

@Book{muller:97,
  author =	 {P. Müller},
  title = 	 {Introduction to Object-Oriented Programming Using C++},
  publisher = 	 {Globewide Network Academy (GNA)},
  year = 	 1997,
  note =	 {({\tt http://www.zib.de/Visual/people/mueller/Course/Tutorial/})}
}

@Book{rjb:99,
  author =	 {Rumbaugh, J. and Jacobson, I. and Booch, G.},
  title = 	 {The Unified Modeling Language Reference Manual},
  publisher = 	 {Addison-Wesley},
  year = 	 1999
}

@Book{meyer:88,
  author =	 {Meyer, B.},
  title = 	 {Object-oriented software construction},
  publisher = 	 {Prentice-Hall},
  year = 	 1988
}

@article{rohlf:75,
        author = {Rohlf, F. J.},
        title = {Generalization of the gap test for the detection of multivariate outliers},
        year = 1975,
        journal = {Biometrics},
        volume = 31,
        pages = {93--102},
        keywords = {Minimum spanning tree; Gamma distribution; Normal distribution}
}

@article{carpre:95,
        author = {Caroni, C. and Prescott, P.},
        title = {On {R}ohlf's method for the detection of outliers in multivariate data},
        year = 1995,
        journal = {Journal of Multivariate Analysis},
        volume = 52,
        pages = {295--307},
        keywords = {Gap test; Gamma distribution}
}


@Misc{IDB:00,
  author =	 {IPC},
  title =	 {{\em International Data Base}},
  howpublished = {International Programs Center, U.S. Census Bureau},
  year =	 2000,
  note =	 {{\tt http://www.census.gov/ipc/www/idbnew.html}}
}

@book{Gree:1993,
        author = {Greenacre, M. J.},
        title = {Correspondence analysis in practice},
        year = 1993,
        pages = {None},
        publisher = {Academic Press}
}


@Article{SmMiScWi:01,
   author =   {Smola, A. J. and Mika, S. and Sch\"olkopf, B. and Williamson, R. C.},
   title =    {Regularized principal manifolds},
   journal =  {Journal of Machine Learning Research},
   year =     2001,
   volume =   1,
   pages =    {179--209}
}


@TechReport{DelHue:02,
  author = 	 {Delicado, P. and Huerta, M.},
  title = 	 {{P}rincipal {C}urves of {O}riented {P}oints: {T}heoretical and 
                  computational improvements},  
  institution =  {EIO, UPC},
  year = 	 2002,
  type =	 {Technical Report},
  number =	 {DR 2002/06},
  note =	 {(Available at {\tt http://www-eio.upc.es/\~{ }delicado/PCOP/})}
}


@Article{DelHue:03,
  author = 	 {Delicado, P. and Huerta, M.},
  title = 	 {{P}rincipal {C}urves of {O}riented {P}oints: {T}heoretical and 
                  computational improvements},  
  journal = 	 {Computational Statistics},
  year = 	 2003,
  volume =          18,
  pages =        {293-315}
}




@Article{RoweSaul:2000,
	author = 	 {Roweis, S. T. and Saul, L. K.},
	title = 	 {Nonlinear Dimensionality Reduction by Local Linear Embedding},
	journal = 	 {Science},
	year = 	 2000,
	volume = 	 290,
	pages = 	 {2323-2326}
}

@Article{ChenBuja:2009,
	author = 	 {Chen, L. and Buja, A.},
	title = 	 {Local Multidimensional Scaling for Nonlinear Dimension Reduction, Graph Drawing, 
	and Proximity Analysis},
	journal = 	 {Journal of the American Statistical Association},
	year = 	 2009,
	volume = 	 104,
	pages = 	 {209--219},
	url={https://www.researchgate.net/publication/227369127_Local_Multidimensional_Scaling_for_Nonlinear_Dimension_Reduction_Graph_Drawing_and_Proximity_Analysis}
}

@Article{SchSmoMul:1998,
	author = 	 {Sch\"olkopf, B. and Smola, A. J. and M\"uller, K. R.},
	title = 	 {Nonlinear Component Analysis as a Kernel Eigenvalue Problem},
	journal = 	 {Neural Computation},
	year = 	 1998,
	volume = 	 10,
	pages = 	 {1299--1319}
}

@Article{Kohonen:1982,
	author = 	 {T. Kohonen},
	title = 	 {Self-organized formation of topologically correct feature maps},
	journal = 	 {Biological Cybernetics},
	year = 	 1982,
	volume = 	 43,
	pages = 	 {59--69}
}

@article{maaten2008visualizing,
	title={Visualizing data using t-SNE},
	author={Maaten, Laurens van der and Hinton, Geoffrey},
	journal={Journal of machine learning research},
	volume={9},
	number={Nov},
	pages={2579--2605},
	year={2008}
}

@article{hinton2002stochastic,
  title={Stochastic neighbor embedding},
  author={Hinton, Geoffrey E and Roweis, Sam},
  journal={Advances in neural information processing systems},
  volume={15},
  pages={833-840},
  year={2002}
}

@article{bunte2012stochastic,
  title={Stochastic neighbor embedding (SNE) for dimension reduction and visualization using arbitrary divergences},
  author={Bunte, Kerstin and Haase, Sven and Biehl, Michael and Villmann, Thomas},
  journal={Neurocomputing},
  volume={90},
  pages={23--45},
  year={2012},
  publisher={Elsevier}
}

@Book{Vapnik:1998,
  author =	 {Vapnik, V.},
  title = 	 {Statistical Learning Theory},
  publisher = 	 {Wiley},
  year = 	 1998
}

@BOOK{BorGro:2005,
	AUTHOR       = "Borg, I. and Groenen, P.",
	TITLE        = "Modern Multidimensional Scaling: Theory and Applications",
	PUBLISHER    = " Springer-Verlag",
	YEAR         = "2005",
	ADDRESS      = "New York",
	EDITION      = "2nd"
}

@Article{TenSilLan:2000,
	author = 	 {Tenenbaum, J.B. and de Silva, V. and Langford},
	title = 	 {A global geometric framework for nonlinear dimensionality reduction},
	journal = 	 {Science},
	year = 	 2000,
	volume = 	 290,
	pages = 	 {2319-2323}}


@Article{TenSilLan:2002,
	author = 	 {Tenenbaum, J.B. and de Silva, V. and Langford},
	title = 	 {The {I}somap algorithm and topological stability - response},
	journal = 	 {Science},
	year = 	 2002,
	volume = 	 295,
	pages = 	 {7-7}
}

@article{delicado2014data,
	title={Data-based decision rules about the convexity of the support of a distribution},
	author={Delicado, Pedro and Hern{\'a}ndez, Adolfo and Lugosi, G{\'a}bor},
	journal={Electronic Journal of Statistics},
	volume={8},
	issue={1},
	pages={96--129},
	year={2014},
	publisher={The Institute of Mathematical Statistics and the Bernoulli Society}
}

@BOOK{BorGro:2005,
	AUTHOR       = "Borg, I. and Groenen, P.",
	TITLE        = "Modern Multidimensional Scaling: Theory and Applications",
	PUBLISHER    = " Springer-Verlag",
	YEAR         = "2005",
	ADDRESS      = "New York",
	EDITION      = "2nd"
}

@Manual{Rpcop:2022,
	title = {Rpcop: Principal Curves of Oriented Points},
	author = {Pedro Delicado and Mario Huerta and Kevin Michael Frick},
	year = {2022},
	note = {R package version 1.0},
	url = {https://CRAN.R-project.org/package=Rpcop},
}

@Misc{princurve:2018,
	author = {Robrecht Cannoodt},
	title = {princurve 2.0: Fit a Principal Curve in Arbitrary Dimension},
	journal = {CRAN},
	year = {2018},
	month = {June},
	doi = {10.5281/zenodo.3351282},
	url = {https://github.com/rcannood/princurve},
}

@article{einbeck2005local,
	title={Local principal curves},
	author={Einbeck, Jochen and Tutz, Gerhard and Evers, Ludger},
	journal={Statistics and Computing},
	volume={15},
	pages={301--313},
	year={2005},
	publisher={Springer}
}

@Manual{LPCM:2024,
	title = {LPCM: Local Principal Curve Methods},
	author = {Jochen Einbeck and Ludger Evers},
	year = {2024},
	note = {R package version 0.47-6},
	url = {https://CRAN.R-project.org/package=LPCM},
}

@article{wattenberg2016how,
	author = {Wattenberg, Martin and Viégas, Fernanda and Johnson, Ian},
	title = {How to Use t-SNE Effectively},
	journal = {Distill},
	year = {2016},
	url = {http://distill.pub/2016/misread-tsne},
	doi = {10.23915/distill.00002}
}