@BOOK{Lange:1999,
	AUTHOR       = "Lange, K.",
	TITLE        = "Statistics and Computing",
	PUBLISHER    = "Springer",
	YEAR         = "1999"
}

@Book{casber:2001,
  author =	 {Casella, G. and Berger, R.L},
  title = 	 {Statistical Inference},
  publisher = 	 {Duxbury Press},
  edition = {Second},
  year = 	 2001
}

@book {FanGij:1996,
    AUTHOR = {Fan, J. and Gijbels, I.},
     TITLE = {Local polynomial modelling and its applications},
 PUBLISHER = {Chapman \& Hall},
   ADDRESS = {London},
      YEAR = {1996},
     PAGES = {xvi+341},
      ISBN = {0-412-98321-4},
   MRCLASS = {62G05 (62J02)},
  MRNUMBER = {97f:62063},
MRREVIEWER = {Theo Gasser},
}

@book{HasTibWai:2015,
	title={Statistical learning with sparsity: the lasso and generalizations},
	author={Hastie, Trevor and Tibshirani, Robert and Wainwright, Martin},
	year={2015},
	publisher={CRC Press}
}

@book{hastie2009elements,
  title={The elements of statistical learning},
  author={Hastie, Trevor and Tibshirani, Robert and Friedman, Jerome},
  year={2009},
  edition={2nd},
  publisher={Springer}
}

@book{DelGom:2006,
	author = {Delicado, P. and G\'omez, G.},
	title = {Curso de Inferencia y Decisi\'on},
	note = {\url{http://www-eio.upc.es/~delicado/docencia/IyDapuntes.pdf}},
	publisher = {Universitat Polit\`ecnica de Catalunya},
	year = {2006}
}

@book{Murphy:2012,
	author = {Murphy, K. P.},
	title = {Machine Learning: A Probabilistic Perspective},
	publisher = {The MIT Press},
	year = {2012}
}

@book{BauKapHor:2017,
	author ={Baumer, B. S. and Kaplan, D. T. and Horton, N. J.},
	title = {Modern Data Science with R},
	publisher = {CRC Press},
	year = {2017}
}

@book{WickGrol:2016,
	title={R for data science: import, tidy, transform, visualize, and model data},
	author={Wickham, H. and Grolemund, G.},
	year={2016},
	publisher={" O'Reilly Media, Inc."}
}

@book{EfronHastie:2016,
	title={Computer Age Statistical Inference},
	author={Efron, B. and Hastie, T.},
	year={2016},
	publisher={Cambridge University Press}
}

@book{HasTibFri:2009,
	title = {The Elements of Statistical Learning},
	author= {Hastie, T. and Tibshirani, R. and Friedman, J.},
	year=2009,
	publisher={Springer}, 
	edition={2nd} 
}


@book{JamWitHasTib:2013,
	title = {An Introduction to Statistical Learning with Applications in R},
	author= {James, Gareth and Witten, Daniela and Hastie, T. and Tibshirani, R.},
	year=2013,
	publisher={Springer}
}

@TECHREPORT{glmnet_vignette_2014,
	AUTHOR       = "Trevor Hastie and Junyang Qian",
	TITLE        = "Glmnet Vignette",
	INSTITUTION  = "Department of Statistics, Stanford University",
	YEAR         = "2014",
	TYPE         = "Stanford Statistics Technical Report",
	ADDRESS      = "\url{http://www.stanford.edu/~hastie/glmnet/glmnet_alpha.html}",
	NOTE         = "(Version of June 26, 2014)"
}

@article{tibshirani:1996:lasso,
  title={Regression shrinkage and selection via the lasso},
  author={Tibshirani, Robert},
  journal={Journal of the Royal Statistical Society. Series B (Methodological)},
  pages={267--288},
  volume={58},
  year={1996}
}


@article{tibshirani2005sparsity,
  title={Sparsity and smoothness via the fused lasso},
  author={Tibshirani, Robert and Saunders, Michael and Rosset, Saharon and Zhu, Ji and Knight, Keith},
  journal={Journal of the Royal Statistical Society: Series B (Statistical Methodology)},
  volume={67},
  number={1},
  pages={91--108},
  year={2005},
  publisher={Wiley Online Library}
}

@article{tibshirani:2011:lasso_retosp,
  title={Regression shrinkage and selection via the lasso: a retrospective},
  author={Tibshirani, Robert},
  journal={Journal of the Royal Statistical Society: Series B (Statistical Methodology)},
  volume={73},
  number={3},
  pages={273--282},
  year={2011},
  publisher={Wiley Online Library},
  note="With discussion"
}

@article{efron:2004:lars,
  title={Least angle regression},
  author={Efron, Bradley and Hastie, Trevor and Johnstone, Iain and Tibshirani, Robert and others},
  journal={The Annals of statistics},
  volume={32},
  number={2},
  pages={407--499},
  year={2004},
  publisher={Institute of Mathematical Statistics}
}

@article{friedman2010regularization,
  title={Regularization paths for generalized linear models via coordinate descent},
  author={Friedman, Jerome and Hastie, Trevor and Tibshirani, Rob},
  journal={Journal of statistical software},
  volume={33},
  number={1},
  pages={1},
  year={2010},
  publisher={NIH Public Access}
}

@article{lockhart2014significance,
  title={A significance test for the lasso},
  author={Lockhart, Richard and Taylor, Jonathan and Tibshirani, Ryan J and Tibshirani, Robert and others},
  journal={The Annals of Statistics},
  volume={42},
  number={2},
  pages={413--468},
  year={2014},
  publisher={Institute of Mathematical Statistics}
}

@BOOK{BulGer:2011,
	AUTHOR       = {B\"uhlmann, P. and van de Geer, S.},
	TITLE        = {Statistics for High-Dimensional Data: Methodology, Theory and Applications},
	PUBLISHER    = {Springer},
	YEAR         = {2011}
}

@book {Loader:1999,
    AUTHOR = {Loader, C.},
     TITLE = {Local regression and likelihood},
 PUBLISHER = {Springer},
   ADDRESS = {New York},
      YEAR = 1999,
     PAGES = {xiv+290},
      ISBN = {0-387-98775-4},
   MRCLASS = {62-01 (62G99 62J99 62N01)},
  MRNUMBER = {2000f:62005},
}
#    SERIES = {Statistics and Computing},

@Book{BowAzz:1997,
  author =	 {Bowman, A. W. and Azzalini, A.},
  title = 	 {Applied Smoothing Techniques for Data Analysis},
  publisher = 	 {Oxford University Press},
  year = 	 1997,
  address =	 {Oxford}
}
# title = 	 {Applied Smoothing Techniques for Data Analysis: the Kernel Approach with S-Plus Illustrations},

@Book{Wasserman:2006,
  author =	 {Wasserman, L.},
  title = 	 {All of Nonparametric Statistics},
  publisher = 	 {Springer},
  year = 	 2006,
  address =	 {New York}
}

@Book{Wood:2006,
    title = {Generalized Additive Models: An Introduction with R},
    year = {2006},
    author = {S.N. Wood},
    publisher = {Chapman and Hall/CRC},
  }

@Book{Wood:2017,
    title = {Generalized Additive Models: An Introduction with R},
    edition= {2nd},
    year = {2017},
    author = {S.N. Wood},
    publisher = {Chapman and Hall/CRC},
  }

@book {HasTib:1990,
    AUTHOR = {Hastie, T. J. and Tibshirani, R. J.},
     TITLE = {Generalized additive models},
    SERIES = {Monographs on Statistics and Applied Probability},
 PUBLISHER = {Chapman and Hall Ltd.},
   ADDRESS = {London},
      YEAR = 1990,
     PAGES = {xvi+335}
}
#    VOLUME = {43},
		
	
@Book{RupWanCar:2003,
  author =	 {Ruppert, D. and Wand, M. P. and Carroll, R. J.},
  title = 	 {Semiparametric Regression},
  publisher = 	 {Cambridge University Press},
  year = 	 2003,
  series =	 {Cambridge Series in Statistical and Probabilistic Mathematics}
}

@book{JohnsonWichern:2001:AMSM5th,
	title={Applied multivariate statistical methods},
	author={Johnson, Richard and Wichern, Dean},
	year={2001},
	publisher={Prentice Hall},
	location={Englewood Cliffs, NJ}
}

@book{pena2002analisis,
	title={An{\'a}lisis de datos multivariantes},
	author={Pe{\~n}a, Daniel},
	year={2002},
	publisher={McGraw-Hill Espa{\~n}a}
}

@book{ChaconDuong:2018,
	title={Multivariate Kernel Smoothing and Its Applications},
	author={Chacon, J.E. and Duong, T.},
	year=2018,
	publisher={Chapman \& Hall/CRC}
}

@book{wand1994kernel,
	title={Kernel smoothing},
	author={Wand, Matt P and Jones, M Chris},
	year={1994},
	publisher={Crc Press}
}

@book{simonoff1996smoothing,
	title={Smoothing methods in statistics},
	author={Simonoff, Jeffrey S},
	year={1996},
	publisher={Springer}
}

@BOOK{BorGro:2005,
	AUTHOR       = "Borg, I. and Groenen, P.",
	TITLE        = "Modern Multidimensional Scaling: Theory and Applications",
	PUBLISHER    = " Springer-Verlag",
	YEAR         = "2005",
	ADDRESS      = "New York",
	EDITION      = "2nd"
}

@article{Kramer:1991,
	author = {Kramer, Mark A.},
	title = {Nonlinear principal component analysis using autoassociative neural networks},
	journal = {AIChE Journal},
	volume = {37},
	number = {2},
	pages = {233-243},
	doi = {https://doi.org/10.1002/aic.690370209},
	url = {https://aiche.onlinelibrary.wiley.com/doi/abs/10.1002/aic.690370209},
	eprint = {https://aiche.onlinelibrary.wiley.com/doi/pdf/10.1002/aic.690370209},
	abstract = {Abstract Nonlinear principal component analysis is a novel technique for multivariate data analysis, similar to the well-known method of principal component analysis. NLPCA, like PCA, is used to identify and remove correlations among problem variables as an aid to dimensionality reduction, visualization, and exploratory data analysis. While PCA identifies only linear correlations between variables, NLPCA uncovers both linear and nonlinear correlations, without restriction on the character of the nonlinearities present in the data. NLPCA operates by training a feedforward neural network to perform the identity mapping, where the network inputs are reproduced at the output layer. The network contains an internal “bottleneck” layer (containing fewer nodes than input or output layers), which forces the network to develop a compact representation of the input data, and two additional hidden layers. The NLPCA method is demonstrated using time-dependent, simulated batch reaction data. Results show that NLPCA successfully reduces dimensionality and produces a feature space map resembling the actual distribution of the underlying system parameters.},
	year = {1991}
}

@book{VenRipl:2002,
	author={Venables, W. N. and Ripley, B. D.},
	year= 2002,
	title= {Modern Applied Statistics with S},
	edition={Fourth},
	publisher={Springer}
}

@inproceedings{dbscan:1996,
	title={A density-based algorithm for discovering clusters in large spatial databases with noise.},
	author={Ester, Martin and Kriegel, Hans-Peter and Sander, J{\"o}rg and Xu, Xiaowei and others},
	booktitle={kdd},
	volume={96},
	number={34},
	pages={226--231},
	year={1996}
}

@book{Fan_et_al:2020,
	title={Statistical foundations of data science},
	author={Fan, Jianqing and Li, Runze and Zhang, Cun-Hui and Zou, Hui},
	year={2020},
	publisher={Chapman and Hall/CRC}
}


@Article{mclust_5:2016,
	title = {{mclust} 5: clustering, classification and density estimation using {G}aussian finite mixture models},
	author = {Luca Scrucca and Michael Fop and T. Brendan Murphy and Adrian E. Raftery},
	journal = {The {R} Journal},
	year = {2016},
	volume = {8},
	number = {1},
	pages = {289--317},
	url = {https://doi.org/10.32614/RJ-2016-021},
}